@misc{grpc,
  author = "The Linux Foundation",
  title = "gRPC - A high-performance, open source universal RPC framework",
  url = "https://grpc.io/"
}

@misc{raft,
  author = "Diego Ongaro and John Ousterhout",
  title = "In Search of an Understandable Consensus Algorithm",
  url = "https://raft.github.io/raft.pdf"
}

@misc{docker-compose,
  author = "Docker Inc.",
  title = "Overview of Docker Compose",
  url = "https://docs.docker.com/compose/"
}

@misc{golang,
  author = "Google LLC.",
  title = "Go is an open source programming language that makes it easy to build simple, reliable, and efficient software.",
  url = "https://golang.org/"
}

@misc{google-cloud-network,
  author = "Google LLC.",
  title = "Google Cloud - Network Service Tiers",
  url = "https://cloud.google.com/network-tiers"
}
